@article{wang1995improved,
  title={Improved two-point function approximations for design optimization},
  author={Wang, Liping and Grandhi, Ramana V},
  journal={AIAA journal},
  volume={33},
  number={9},
  pages={1720--1727},
  year={1995}
}

@book{kamaraju2009linear,
  title={Linear Systems: Analysis And Applications, 2nd Edition},
  author={Kamaraju, V. and Narasimham, R.L.},
  isbn={9789380026718},
  year={2009},
  publisher={I.K. Int. Pub. House Pvt. Limited},
  address={New Deli, India}
}

@article{cross2015local,
  title={Local continuum shape sensitivity with spatial gradient reconstruction for nonlinear analysis},
  author={Cross, David M and Canfield, Robert A},
  journal={Structural and Multidisciplinary Optimization},
  volume={51},
  number={4},
  pages={849--865},
  year={2015},
  publisher={Springer}
}

@article{cross2014local,
  title={Local continuum shape sensitivity with spatial gradient reconstruction},
  author={Cross, David M and Canfield, Robert A},
  journal={Structural and Multidisciplinary Optimization},
  volume={50},
  number={6},
  pages={975--1000},
  year={2014},
  publisher={Springer}
}

@article{gorry1990general,
  title={General least-squares smoothing and differentiation by the convolution (Savitzky-Golay) method},
  author={Gorry, Peter A},
  journal={Analytical Chemistry},
  volume={62},
  number={6},
  pages={570--573},
  year={1990},
  publisher={ACS Publications}
}
