@article{mittal2001control,
  title={Control of vortex shedding behind circular cylinder for flows at low Reynolds numbers},
  author={Mittal, S and Raghuvanshi, A},
  journal={International journal for numerical methods in fluids},
  volume={35},
  number={4},
  pages={421--447},
  year={2001}
}

@book{chen1987flow,
  title={Flow-induced vibration of circular cylindrical structures},
  author={Chen, Shoei-Sheng},
  volume={414},
  year={1987},
  publisher={Hemisphere publishing corporation Washington, DC}
}

@article{williamson2004vortex,
  title={Vortex-induced vibrations},
  author={Williamson, CHK and Govardhan, R},
  journal={Annu. Rev. Fluid Mech.},
  volume={36},
  pages={413--455},
  year={2004},
  publisher={Annual Reviews}
}

@article{van2007comparison,
  title={Comparison of various fluid--structure interaction methods for deformable bodies},
  author={Van Loon, R and Anderson, PD and Van de Vosse, FN and Sherwin, SJ},
  journal={Computers \& structures},
  volume={85},
  number={11},
  pages={833--843},
  year={2007},
  publisher={Elsevier}
}

@article{hu2001direct,
  title={Direct numerical simulations of fluid--solid systems using the arbitrary Lagrangian--Eulerian technique},
  author={Hu, Howard H and Patankar, Neelesh A and Zhu, MY},
  journal={Journal of Computational Physics},
  volume={169},
  number={2},
  pages={427--462},
  year={2001},
  publisher={Elsevier}
}

@article{michler2004monolithic,
  title={A monolithic approach to fluid--structure interaction},
  author={Michler, C and Hulshoff, SJ and Van Brummelen, EH and De Borst, Ren{\'e}},
  journal={Computers \& fluids},
  volume={33},
  number={5},
  pages={839--848},
  year={2004},
  publisher={Elsevier}
}

@article{bathe2009mesh,
  title={A mesh adaptivity procedure for CFD and fluid-structure interactions},
  author={Bathe, Klaus-J{\"u}rgen and Zhang, Hou},
  journal={Computers \& Structures},
  volume={87},
  number={11},
  pages={604--617},
  year={2009},
  publisher={Elsevier}
}

@techreport{jendrzejczyk1985fluid,
  title={Fluid forces on two circular cylinders in crossflow},
  author={Jendrzejczyk, JA and Chen, SS},
  year={1985},
  institution={Argonne National Lab.}
}