@book{szabo1991finite,
  title={Finite element analysis},
  author={Szabo, Barna Aladar and Babu{\v{s}}ka, Ivo},
  year={1991},
  publisher={John Wiley \& Sons}
}

@book{mase2009continuum,
  title={Continuum Mechanics for Engineers},
  author={Mase, G Thomas and Smelser, Ronald E and Mase, George E},
  year={2009},
  publisher={CRC Press}
}

@article{haftka1986structural,
  title={Structural shape optimizationâ€”a survey},
  author={Haftka, Raphael T and Grandhi, Ramana V},
  journal={Computer Methods in Applied Mechanics and Engineering},
  volume={57},
  number={1},
  pages={91--106},
  year={1986},
  publisher={Elsevier}
}

@article{dowding2001sensitivity,
  title={Sensitivity analysis for nonlinear heat conduction},
  author={Dowding, Kevin J and Blackwell, Bennie F},
  journal={Journal of Heat Transfer},
  volume={123},
  number={1},
  pages={1--10},
  year={2001},
  publisher={American Society of Mechanical Engineers}
}

@inproceedings{sorli2004computational,
  title={Sensitivity Analysis For Thermal Design And Monitoring Problems Of Refractories},
  author={Sorli, Karstein and Skaar, Inge Morten},
  journal={presented at the 2004 ICHMT International Symp. on Adv. in Computational Heat Transfer},
  year={April 19-24, 2004, Norway}
}

@article{szopa2005second,
  title={Second order sensitivity analysis of heat conduction problems},
  author={Szopa, Romuald and Siedlecki, Jaros{\l}aw and Wojciechowska, Wioletta},
  journal={Scientific Research of the Institute of Mathematics and Computer Science},
  volume={4},
  number={1},
  pages={255--263},
  year={2005}
}

@book{szabo1991finite,
  title={Finite Element Analysis},
  author={Szabo, Barna Aladar and Babu{\v{s}}ka, Ivo},
  year={1991},
  publisher={John Wiley \& Sons},
  address={New York, NY, USA}
}

@book{wickert2009least,
  title={Least-squares, continuous sensitivity analysis for nonlinear fluid-structure interaction},
  author={Wickert, Douglas P},
  year={Aug. 2009},
  publisher={Dept. of the Air Force, Air University, Air Force Institute of Technology, Wright-Patterson Air Force Base, OH, USA, Dissertation AFIT/OS/ENY/09--S04}
}

@article{deaton2013stiffening,
  title={Stiffening of restrained thermal structures via topology optimization},
  author={Deaton, Joshua D and Grandhi, Ramana V},
  journal={Structural and Multidisciplinary Optimization},
  volume={48},
  number={4},
  pages={731--745},
  year={2013},
  publisher={Springer}
}
