@article{han2013improving,
  title={Improving variable-fidelity surrogate modeling via gradient-enhanced kriging and a generalized hybrid bridge function},
  author={Han, Zhong-Hua and G{\"o}rtz, Stefan and Zimmermann, Ralf},
  journal={Aerospace Science and Technology},
  volume={25},
  number={1},
  pages={177--189},
  year={2013},
  publisher={Elsevier}
}

@article{pettit2004uncertainty,
  title={Uncertainty quantification in aeroelasticity: recent results and research challenges},
  author={Pettit, Chris L},
  journal={Journal of Aircraft},
  volume={41},
  number={5},
  pages={1217--1229},
  year={2004}
}

@article{martins2003complex,
  title={The complex-step derivative approximation},
  author={Martins, Joaquim RRA and Sturdza, Peter and Alonso, Juan J},
  journal={ACM Transactions on Mathematical Software (TOMS)},
  volume={29},
  number={3},
  pages={245--262},
  year={2003},
  publisher={ACM}
}

@book{naumann2012art,
  title={The art of differentiating computer programs: an introduction to algorithmic differentiation},
  author={Naumann, Uwe},
  volume={24},
  year={2012},
  publisher={Siam}
}

@book{choi2006structural,
  title={Structural sensitivity analysis and optimization 1: linear systems},
  author={Choi, Kyung K and Kim, Nam-Ho},
  year={2006},
  publisher={Springer Science \& Business Media}
}

<<<<<<< HEAD
@article{arora1979methods,
  title={Methods of design sensitivity analysis in structural optimization},
  author={Arora, Jasbir S and Haug, Edward J},
  journal={AIAA journal},
  volume={17},
  number={9},
  pages={970--974},
  year={1979}
}

@article{reuther1999constrained,
  title={Constrained multipoint aerodynamic shape optimization using an adjoint formulation and parallel computers, part 2},
  author={Reuther, James J and Jameson, Antony and Alonso, Juan J and Rimllnger, Mark J and Saunders, David},
  journal={Journal of aircraft},
  volume={36},
  number={1},
  pages={61--74},
  year={1999}
=======
@article{gamboa2009optimization,
  title={Optimization of a morphing wing based on coupled aerodynamic and structural constraints},
  author={Gamboa, P and Vale, J and P. Lau, FJ and Suleman, A},
  journal={AIAA journal},
  volume={47},
  number={9},
  pages={2087--2104},
  year={2009}
}

@article{pandya1997gradient,
  title={Gradient-based aerodynamic shape optimization using alternating direction implicit method},
  author={Pandya, Mohagna J and Baysal, Oktay},
  journal={Journal of aircraft},
  volume={34},
  number={3},
  pages={346--352},
  year={1997}
}

@article{kim2001aerodynamic,
  title={Aerodynamic optimization of supersonic transport wing using unstructured adjoint method},
  author={Kim, Hyoung-Jin and Sasaki, Daisuke and Obayashi, Shigeru and Nakahashi, Kazuhiro},
  journal={AIAA journal},
  volume={39},
  number={6},
  pages={1011--1020},
  year={2001}
}

@article{haftka1989recent,
  title={Recent developments in structural sensitivity analysis},
  author={Haftka, Raphael T and Adelman, Howard M},
  journal={Structural optimization},
  volume={1},
  number={3},
  pages={137--151},
  year={1989},
  publisher={Springer}
}

@article{Arora,
    author    = "J. Arora and E. Haug",
    title     = "Methods of Design Sensitivity Analysis in Structural Optimization",
	journal	=	"AIAA Journal",
	volume	=	{17},
	number	=	{9},
	pages	=	{970--974},
	year	=	{1979}
}

@article{Dems-Mroz,
    author    = "K. Dems and Z. Mroz",
    title     = "Variational approach to first- and second-order sensitivity analysis of elastic structures",
	journal={International Journal for Numerical Methods in Engineering},
	volume={21},
	number={4},
	pages={637--661},
	year={1985},
	publisher={Wiley Online Library}
}

@book{stanley2002design,
  title="Design Sensitivity Analysis: Computational Issues of Sensitivity Equation Methods",
  author="L. G. D Stanley and D. L. Stewart",
  isbn="9780898715248",
  lccn="2002075757",
  series="Frontiers in applied mathematics",
  url="http://books.google.com/books?id=dsTkHgI2cnoC",
  year="2002",
  publisher="Society for Industrial and Applied Mathematics (SIAM, 3600 Market Street, Floor 6, Philadelphia, PA 19104)"
}

@article{etienne2005general,
  title="A general approach to sensitivity analysis of fluid--structure interactions",
  author="S. Etienne and D. Pelletier",
  journal="Journal of Fluids and Structures",
  volume="21",
  number="2",
  pages="169--186",
  year="2005",
  publisher="Elsevier"
}

@article{liu2013equivalence,
  title={Equivalence of continuum and discrete analytic sensitivity methods for nonlinear differential equations},
  author={Liu, Shaobin and Canfield, Robert A},
  journal={Structural and Multidisciplinary Optimization},
  volume={48},
  number={6},
  pages={1173--1188},
  year={2013},
  publisher={Springer}
}

@article{sahin2009arbitrary,
  title={An arbitrary Lagrangian--Eulerian formulation for the numerical simulation of flow patterns generated by the hydromedusa Aequorea victoria},
  author={Sahin, Mehmet and Mohseni, Kamran},
  journal={Journal of Computational Physics},
  volume={228},
  number={12},
  pages={4588--4605},
  year={2009},
  publisher={Elsevier}
}

@article{liu2013boundary,
	title = "Boundary velocity method for continuum shape sensitivity of nonlinear fluidâ€“structure interaction problems",
	journal = "Journal of Fluids and Structures",
	volume = "40",
	number = "0",
	pages = "284 - 301",
	year = "2013",
	note = "",
	issn = "0889-9746",
	doi = "http://dx.doi.org/10.1016/j.jfluidstructs.2013.05.003",
	url = "http://www.sciencedirect.com/science/article/pii/S0889974613001199",
	author = "Shaobin Liu and Robert A. Canfield",
  publisher	=	"Elsevier"
>>>>>>> 6581cdb417efde40e564e9dd5c271ee3ec826116
}


