@article{jain1996coupled,
  title={Coupled flutter and buffeting analysis of long-span bridges},
  author={Jain, Anurag and Jones, Nicholas P and Scanlan, Robert H},
  journal={Journal of Structural Engineering},
  year={1996},
  publisher={American Society of Civil Engineers}
}

@article{arrigan2011control,
  title={Control of flapwise vibrations in wind turbine blades using semi-active tuned mass dampers},
  author={Arrigan, John and Pakrashi, Vikram and Basu, Biswajit and Nagarajaiah, Satish},
  journal={Structural Control and Health Monitoring},
  volume={18},
  number={8},
  pages={840--851},
  year={2011},
  publisher={Wiley Online Library}
}

@article{farhat2006provably,
  title={Provably second-order time-accurate loosely-coupled solution algorithms for transient nonlinear computational aeroelasticity},
  author={Farhat, Charbel and Van der Zee, Kristoffer G and Geuzaine, Philippe},
  journal={Computer Methods in Applied Mechanics and Engineering},
  volume={195},
  number={17},
  pages={1973--2001},
  year={2006},
  publisher={Elsevier}
}

@article{sotiropoulos2009review,
  title={A review of state-of-the-art numerical methods for simulating flow through mechanical heart valves},
  author={Sotiropoulos, Fotis and Borazjani, Iman},
  journal={Medical \& Biological Engineering \& Computing},
  volume={47},
  number={3},
  pages={245--256},
  year={2009},
  publisher={Springer}
}

@article{kern2006simulations,
  title={Simulations of optimized anguilliform swimming},
  author={Kern, Stefan and Koumoutsakos, Petros},
  journal={Journal of Experimental Biology},
  volume={209},
  number={24},
  pages={4841--4857},
  year={2006},
  publisher={The Company of Biologists Ltd}
}

@article{bathe2009mesh,
  title={A mesh adaptivity procedure for CFD and fluid-structure interactions},
  author={Bathe, Klaus-J{\"u}rgen and Zhang, Hou},
  journal={Computers \& Structures},
  volume={87},
  number={11},
  pages={604--617},
  year={2009},
  publisher={Elsevier}
}

@article{lomtev1999discontinuous,
  title={A discontinuous Galerkin ALE method for compressible viscous flows in moving domains},
  author={Lomtev, I and Kirby, RM and Karniadakis, GE},
  journal={Journal of Computational Physics},
  volume={155},
  number={1},
  pages={128--159},
  year={1999},
  publisher={Elsevier}
}

@article{farhat2004cfd,
  title={CFD-based nonlinear computational aeroelasticity},
  author={Farhat, Charbel},
  journal={Encyclopedia of Computational Mechanics},
  volume={3},
  pages={459--480},
  year={2004},
  publisher={Wiley Online Library}
}

@article{cheng2005fluid,
  title={Fluid-structure coupled CFD simulation of the left ventricular flow during filling phase},
  author={Cheng, Yongguang and Oertel, Herbert and Schenkel, Torsten},
  journal={Annals of Biomedical Engineering},
  volume={33},
  number={5},
  pages={567--576},
  year={2005},
  publisher={Springer}
}

@article{peskin1972flow,
  title={Flow patterns around heart valves: a numerical method},
  author={Peskin, Charles S},
  journal={Journal of Computational Physics},
  volume={10},
  number={2},
  pages={252--271},
  year={1972},
  publisher={Elsevier}
}

@article{lee2003stability,
  title={Stability characteristics of the virtual boundary method in three-dimensional applications},
  author={Lee, Changhoon},
  journal={Journal of Computational Physics},
  volume={184},
  number={2},
  pages={559--591},
  year={2003},
  publisher={Elsevier}
}

@article{shin2008assessment,
  title={Assessment of regularized delta functions and feedback forcing schemes for an immersed boundary method},
  author={Shin, Soo Jai and Huang, Wei-Xi and Sung, Hyung Jin},
  journal={International Journal for Numerical Methods in Fluids},
  volume={58},
  number={3},
  pages={263--286},
  year={2008},
  publisher={Wiley Online Library}
}

@article{roma1999adaptive,
  title={An adaptive version of the immersed boundary method},
  author={Roma, Alexandre M and Peskin, Charles S and Berger, Marsha J},
  journal={Journal of Computational Physics},
  volume={153},
  number={2},
  pages={509--534},
  year={1999},
  publisher={Elsevier}
}

@article{peskin2002immersed,
  title={The immersed boundary method},
  author={Peskin, Charles S},
  journal={Acta Numerica},
  volume={11},
  pages={479--517},
  year={2002},
  publisher={Cambridge Univ Press}
}

@article{majumdar2001rans,
  title={RANS solvers with adaptive structured boundary non-conforming grids},
  author={Majumdar, Sekhar and Iaccarino, Gianluca and Durbin, Paul},
  journal={Annual Research Briefs, Center for Turbulence Research, Stanford University},
  pages={353--466},
  year={2001}
}

@article{kreissl2011explicit,
  title={An explicit level set approach for generalized shape optimization of fluids with the lattice Boltzmann method},
  author={Kreissl, Sebastian and Pingen, Georg and Maute, Kurt},
  journal={International Journal for Numerical Methods in Fluids},
  volume={65},
  number={5},
  pages={496--519},
  year={2011},
  publisher={Wiley Online Library}
}
